@inbook{bishop_peres_2016, place={Cambridge}, series={Cambridge Studies in Advanced Mathematics}, title={Minkowski and Hausdorff dimensions}, DOI={10.1017/9781316460238.002}, booktitle={Fractals in Probability and Analysis}, publisher={Cambridge University Press}, author={Bishop, Christopher J. and Peres, Yuval}, year={2016}, pages={1–44}, collection={Cambridge Studies in Advanced Mathematics}}

@inbook{morters_peres_2010, place={Cambridge}, series={Cambridge Series in Statistical and Probabilistic Mathematics}, title={Hausdorff dimension: Techniques and applications}, DOI={10.1017/CBO9780511750489.007}, booktitle={Brownian Motion}, publisher={Cambridge University Press}, author={Mörters, Peter and Peres, Yuval}, year={2010}, pages={96–117}, collection={Cambridge Series in Statistical and Probabilistic Mathematics}}

@thesis{Eijnnden-2018,title={Fractal dimension of self-similar sets}, publisher={Radbound University}, author={Eijnden,Jesper}, year={2018}, pages={96–117}, type={Bachelor's Thesis}}
