@book{atiyah1994introduction,
  title={Introduction To Commutative Algebra},
  author={Atiyah, M.F. and MacDonald, I.G.},
  isbn={9780813345444},
  series={Addison-Wesley series in mathematics},
  url={https://books.google.com/books?id=HOASFid4x18C},
  year={1994},
  publisher={Avalon Publishing}
}


@misc{powerserieswiki,
Title={Power Series},
author={Cunningham, Chris and McCullough, Jason and Snapp, Bart},
year={2012},
note = { {\tt http://wiki.macaulay2.com/Macaulay2/index.php/Power{\textunderscore}Series}, {\tt https://iastate.box.com/s/153hx8hb7j8o4uszrlmcwvhwejq7ez6y}}
}
